@misc{org_comm_for_survival,
	author = {\mbox{Richmond}{,} V. P.{,} McCroskey{,} J. C.{,} McCroskey{,} L. L.{:} \textit{Organizational Communication for Survival{:} Making Work, Work}. 3rd ed. Boston {,} MA{:} Pearson/Allyn \& Bacon{,} ©~2005{,} xii{,} 209 p. ISBN 0-205-40800-1.}
}

@misc{int_comm_manag,
	author = {\mbox{Hol\'{a}}{,} J.{,} Pikhart{,} M.{:} \textit{Internal Communication Management{:} Methods and Processes}. 1st ed. Hradec Kr\'{a}lov\'{e}{:} Gaudeamus{,} ©~2013{,} 134 p. ISBN 978-80-7435-340-6.}
}

@misc{pomodoro,
	author = {\mbox{Cirillo}{,} F.{:} \textit{The Pomodoro Technique}. S.I.{:} Lulu{,} 2009. ISBN 14-452-1994-8.}
}

@misc{programmerInterrupted,
  author = {\mbox{Heeris}{,} J.{:} \textit{This Is Why You Shouldn't Interrupt a Programmer} [online]. Heeris.id.au{,} ©~2013. Available from{:} \url{http://heeris.id.au/2013/this-is-why-you-shouldnt-interrupt-a-programmer/} [seen~3.~5.~2015].}
}

@misc{costOfInterruptions,
  author = {\mbox{Dietrich}{,} E.{:} \textit{Programmers, Teach Non-Geeks The True Cost of Interruptions} [online]. DeadTech{,} ©~2014. Available from{:} \url{http://www.daedtech.com/programmers-teach-non-geeks-the-true-cost-of-interruptions} [seen~3.~5.~2015].}
}

@misc{studySpeedAndStress,
	author = {\mbox{Gloria}{,} M.{,} \mbox{Gudith}{,} D.{,} \mbox{Klocke}{,} U.{:} \textit{The Cost of Interrupted Work: More Speed and Stress} [online]. USA (California){:} Proceedings of the SIGCHI Conference on Human Factors in Computing Systems{,} 2007. Available from{:} \url{https://www.ics.uci.edu/~gmark/chi08-mark.pdf} [seen.~3.~5.~2015].}
}

@misc{knowledgeWorker,
  author = {\mbox{Rouse}{,} M.{:} \textit{Knowledge Worker Definition} [online]. TechTarget{,} ©~200-2015. Available from{:} \url{http://searchcrm.techtarget.com/definition/knowledge-worker} [seen~3.~5.~2015].}
}

@misc{studyAttention,
	author = {\mbox{Spira}{,} J. B.{,} \mbox{Feintuch}{,} J. B.{:} \textit{The Cost of Not Paying Attention: How Interruptions Impact Knowledge Worker Productivity} [online]. Basex{,} Inc.{,} ©~2005. Available from{:} \url{http://www.brigidschulte.com/wp-content/uploads/2014/02/costofnotpayingattention.basexreport-2.pdf} [seen.~3.~5.~2015].}
}

@misc{studyDealingWithInterruptions,
	author = {\mbox{O'Connail}{,} B.{,} \mbox{Frohlich}{,} D.{:} \textit{Timespace in the workplace: Dealing with interruptions.} [online]. USA (Redmond){:} CHI '95 Conference on Human Factors in Computing Systems{,} 1995. Available from{:} \url{http://www.sigchi.org/chi95/proceedings/shortppr/boc_bdy.htm} [seen.~3.~5.~2015].}
}